@Book{books/lib/Bishop07,
  title =	"Pattern recognition and machine learning, 5th
		 Edition",
  author =	"Christopher M. Bishop",
  publisher =	"Springer",
  year = 	"2007",
  bibdate =	"2017-04-26",
  ISBN = 	"9780387310732",
  pages =	"I--XX, 1--738",
  series =	"Information science and statistics",
  URL =  	"http://www.worldcat.org/oclc/71008143",
}